<?xml version="1.0" encoding="UTF-8"?><record xmlns="http://www.loc.gov/MARC21/slim" xmlns:cinclude="http://apache.org/cocoon/include/1.0" xmlns:zs="http://www.loc.gov/zing/srw/">
  <leader>00505cz  a2200133n  4500</leader>
  <controlfield tag="001">n  87149812 </controlfield>
  <controlfield tag="003">DLC</controlfield>
  <controlfield tag="005">20080320080236.0</controlfield>
  <controlfield tag="008">871210n| acannaabn          |n and      </controlfield>
  <datafield tag="010" ind1=" " ind2=" ">
    <subfield code="a">n  87149812 </subfield>
  </datafield>
  <datafield tag="035" ind1=" " ind2=" ">
    <subfield code="a">(OCoLC)oca01997857</subfield>
  </datafield>
  <datafield tag="040" ind1=" " ind2=" ">
    <subfield code="a">DLC</subfield>
    <subfield code="b">eng</subfield>
    <subfield code="c">DLC</subfield>
    <subfield code="d">OCoLC</subfield>
  </datafield>
  <datafield tag="110" ind1="2" ind2=" ">
    <subfield code="a">BIM Economic and Social Affairs Committee.</subfield>
    <subfield code="b">Organisation of Work Panel</subfield>
  </datafield>
  <datafield tag="670" ind1=" " ind2=" ">
    <subfield code="a">nuc87-128089: Managing new patterns of work, c1985</subfield>
    <subfield code="b">(usage on MH-BA rept.: Organisation of Work Panel of the BIM Economic and Social Affairs Committee)</subfield>
  </datafield>
</record>